% Encoding: UTF-8

@article{mencio2017,
	title={A caracteriza{\c{c}}{\~a}o das Regi{\~o}es Metropolitanas e Aglomera{\c{c}}{\~o}es Urbanas pelo IBGE: Limites e Avan{\c{c}}os do Estatuto da Metr{\'o}pole},
	author={Mencio, Mariana and Zioni, Silvana},
	journal={Desenvolvimento, crise e resist{\^e}ncia: Quais os caminhos do planejamento urbano e regional},
	pages={1--22},
	year={2017}
}

@article{klink2009,
	title={Novas governan{\c{c}}as para as {\'a}reas metropolitanas. O panorama internacional e as perspectivas para o caso brasileiro},
	author={Johannes Klink, Jeroen},
	journal={Cadernos Metr{\'o}pole},
	volume={11},
	number={22},
	year={2009},
	publisher={Pontif{\'\i}cia Universidade Cat{\'o}lica de S{\~a}o Paulo}
}

@article{lefevre2009,
	title={Governar as metr{\'o}poles: quest{\~o}es, desafios e limita{\c{c}}{\~o}es para a constitui{\c{c}}{\~a}o de novos territ{\'o}rios pol{\'\i}ticos},
	author={Lef{\`e}vre, Christian},
	journal={Cadernos Metr{\'o}pole},
	volume={11},
	number={22},
	year={2009},
	publisher={Pontif{\'\i}cia Universidade Cat{\'o}lica de S{\~a}o Paulo}
}

@Comment{jabref-meta: databaseType:bibtex;}
